%% report.bib - contains BiBtex input for bibliography


@INPROCEEDINGS{2012SPIE.8450E..2SG,
   author = {{Gully-Santiago}, M. and {Wang}, W. and {Deen}, C. and {Jaffe}, D.},
    title = "{Near-infrared metrology of high-performance silicon immersion gratings}",
booktitle = {Society of Photo-Optical Instrumentation Engineers (SPIE) Conference Series},
     year = 2012,
   series = {Society of Photo-Optical Instrumentation Engineers (SPIE) Conference Series},
   volume = 8450,
    month = sep,
      eid = {84502S},
      doi = {10.1117/12.926434},
   adsurl = {http://adsabs.harvard.edu/abs/2012SPIE.8450E..2SG},
  adsnote = {Provided by the SAO/NASA Astrophysics Data System}
}

@INPROCEEDINGS{2010SPIE.7735E..54Y,
   author = {{Yuk}, I.-S. and {Jaffe}, D.~T. and {Barnes}, S. and {Chun}, M.-Y. and 
	{Park}, C. and {Lee}, S. and {Lee}, H. and {Wang}, W. and {Park}, K.-J. and 
	{Pak}, S. and {Strubhar}, J. and {Deen}, C. and {Oh}, H. and 
	{Seo}, H. and {Pyo}, T.-S. and {Park}, W.-K. and {Lacy}, J. and 
	{Goertz}, J. and {Rand}, J. and {Gully-Santiago}, M.},
    title = "{Preliminary design of IGRINS (Immersion GRating INfrared Spectrograph)}",
booktitle = {Society of Photo-Optical Instrumentation Engineers (SPIE) Conference Series},
     year = 2010,
   series = {Society of Photo-Optical Instrumentation Engineers (SPIE) Conference Series},
   volume = 7735,
    month = jul,
      eid = {77351M},
      doi = {10.1117/12.856864},
   adsurl = {http://adsabs.harvard.edu/abs/2010SPIE.7735E..54Y},
  adsnote = {Provided by the SAO/NASA Astrophysics Data System}
}
